@ARTICLE{2015arXiv150501774S,
   author = {{Schlamminger}, S. and {Gundlach}, J.~H. and {Newman}, R.~D.},
    title = "{Recent measurements of the gravitational constant as a function of time}",
  journal = {Phys.\ Rev.\ D},
archivePrefix = "arXiv",
   eprint = {1505.01774},
 primaryClass = "gr-qc",
 keywords = {Experimental studies of gravity},
     year = 2015,
    month = jun,
   volume = 91,
   number = 12,
      eid = {121101},
    pages = {121101},
      doi = {10.1103/PhysRevD.91.121101},
   adsurl = {http://adsabs.harvard.edu/abs/2015PhRvD..91l1101S},
  adsnote = {Provided by the SAO/NASA Astrophysics Data System}
}

@ARTICLE{2015EL....11010002A,
   author = {{Anderson}, J.~D. and {Schubert}, G. and {Trimble}, V. and {Feldman}, M.~R.
	},
    title = "{Measurements of Newton's gravitational constant and the length of day}",
  journal = {Europhysics Letters},
archivePrefix = "arXiv",
   eprint = {1504.06604},
 primaryClass = "gr-qc",
     year = 2015,
    month = apr,
   volume = 110,
      eid = {10002},
    pages = {10002},
      doi = {10.1209/0295-5075/110/10002},
   adsurl = {http://adsabs.harvard.edu/abs/2015EL....11010002A},
  adsnote = {Provided by the SAO/NASA Astrophysics Data System}
}

@ARTICLE{AndersonRevised,
   author = {{Anderson}, J.~D. and {Schubert}, G. and {Trimble}, V. and {Feldman}, M.~R.
	},
    title = "{Measurements of Newton's gravitational constant and the length of day}",
  journal = {arXiv:1504.06604v2},
     year = 2015
}

@ARTICLE{2013Natur.499..202H,
   author = {{Holme}, R. and {de Viron}, O.},
    title = "{Characterization and implications of intradecadal variations in length of day}",
  journal = {Nature},
     year = 2013,
    month = jul,
   volume = 499,
    pages = {202-204},
      doi = {10.1038/nature12282},
   adsurl = {http://adsabs.harvard.edu/abs/2013Natur.499..202H},
  adsnote = {Provided by the SAO/NASA Astrophysics Data System}
}

@article{RevModPhys.84.1527,
  title = {CODATA recommended values of the fundamental physical constants: 2010*},
  author = {Mohr, Peter J. and Taylor, Barry N. and Newell, David B.},
  journal = {Rev. Mod. Phys.},
  volume = {84},
  issue = {4},
  pages = {1527--1605},
  numpages = {0},
  year = {2012},
  month = {Nov},
  publisher = {American Physical Society},
  doi = {10.1103/RevModPhys.84.1527}
}

@article{PhysRevLett.113.039901,
  title = {Erratum: Improved Determination of $G$ Using Two Methods [Phys. Rev. Lett. 111, 101102 (2013)]},
  author = {Quinn, Terry and Speake, Clive and Parks, Harold and Davis, Richard},
  journal = {Phys. Rev. Lett.},
  volume = {113},
  issue = {3},
  pages = {039901},
  numpages = {1},
  year = {2014},
  month = {Jul},
  publisher = {American Physical Society},
  doi = {10.1103/PhysRevLett.113.039901}
}

@ARTICLE{2014Natur.510..518R,
   author = {{Rosi}, G. and {Sorrentino}, F. and {Cacciapuoti}, L. and {Prevedelli}, M. and 
	{Tino}, G.~M.},
    title = "{Precision measurement of the Newtonian gravitational constant using cold atoms}",
  journal = {Nature},
archivePrefix = "arXiv",
   eprint = {1412.7954},
 primaryClass = "physics.atom-ph",
     year = 2014,
    month = jun,
   volume = 510,
    pages = {518-521},
      doi = {10.1038/nature13433},
   adsurl = {http://ukads.nottingham.ac.uk/abs/2014Natur.510..518R},
  adsnote = {Provided by the SAO/NASA Astrophysics Data System}
}
