@ARTICLE{2015arXiv150501774S,
   author = {{Schlamminger}, S. and {Gundlach}, J.~H. and {Newman}, R.~D.
	},
    title = "{Recent measurements of the gravitational constant as a function of time}",
  journal = {ArXiv eprints},
archivePrefix = "arXiv",
   eprint = {1505.01774},
 primaryClass = "gr-qc",
 keywords = {General Relativity and Quantum Cosmology, Physics - Classical Physics},
     year = 2015,
    month = may,
   adsurl = {http://adsabs.harvard.edu/abs/2015arXiv150501774S},
  adsnote = {Provided by the SAO/NASA Astrophysics Data System},
  url = {http://arxiv.org/abs/1505.01774}
}

@ARTICLE{2015EL....11010002A,
   author = {{Anderson}, J.~D. and {Schubert}, G. and {Trimble}, V. and {Feldman}, M.~R.
	},
    title = "{Measurements of Newton's gravitational constant and the length of day}",
  journal = {Europhysics Letters},
archivePrefix = "arXiv",
   eprint = {1504.06604},
 primaryClass = "gr-qc",
     year = 2015,
    month = apr,
   volume = 110,
      eid = {10002},
    pages = {10002},
      doi = {10.1209/0295-5075/110/10002},
   adsurl = {http://adsabs.harvard.edu/abs/2015EL....11010002A},
  adsnote = {Provided by the SAO/NASA Astrophysics Data System}
}

@ARTICLE{2013Natur.499..202H,
   author = {{Holme}, R. and {de Viron}, O.},
    title = "{Characterization and implications of intradecadal variations in length of day}",
  journal = {Nature},
     year = 2013,
    month = jul,
   volume = 499,
    pages = {202-204},
      doi = {10.1038/nature12282},
   adsurl = {http://adsabs.harvard.edu/abs/2013Natur.499..202H},
  adsnote = {Provided by the SAO/NASA Astrophysics Data System}
}

@article{RevModPhys.84.1527,
  title = {CODATA recommended values of the fundamental physical constants: 2010*},
  author = {Mohr, Peter J. and Taylor, Barry N. and Newell, David B.},
  journal = {Rev. Mod. Phys.},
  volume = {84},
  issue = {4},
  pages = {1527--1605},
  numpages = {0},
  year = {2012},
  month = {Nov},
  publisher = {American Physical Society},
  doi = {10.1103/RevModPhys.84.1527}
}

@article{PhysRevLett.113.039901,
  title = {Erratum: Improved Determination of $G$ Using Two Methods [Phys. Rev. Lett. 111, 101102 (2013)]},
  author = {Quinn, Terry and Speake, Clive and Parks, Harold and Davis, Richard},
  journal = {Phys. Rev. Lett.},
  volume = {113},
  issue = {3},
  pages = {039901},
  numpages = {1},
  year = {2014},
  month = {Jul},
  publisher = {American Physical Society},
  doi = {10.1103/PhysRevLett.113.039901}
}

@ARTICLE{2014Natur.510..518R,
   author = {{Rosi}, G. and {Sorrentino}, F. and {Cacciapuoti}, L. and {Prevedelli}, M. and 
	{Tino}, G.~M.},
    title = "{Precision measurement of the Newtonian gravitational constant using cold atoms}",
  journal = {Nature},
archivePrefix = "arXiv",
   eprint = {1412.7954},
 primaryClass = "physics.atom-ph",
     year = 2014,
    month = jun,
   volume = 510,
    pages = {518-521},
      doi = {10.1038/nature13433},
   adsurl = {http://ukads.nottingham.ac.uk/abs/2014Natur.510..518R},
  adsnote = {Provided by the SAO/NASA Astrophysics Data System}
}

@article{PhysRevLett.48.121,
  title = {Redetermination of the Newtonian Gravitational Constant $G$},
  author = {Luther, Gabriel G. and Towler, William R.},
  journal = {Phys. Rev. Lett.},
  volume = {48},
  issue = {3},
  pages = {121--123},
  numpages = {0},
  year = {1982},
  month = {Jan},
  publisher = {American Physical Society},
  doi = {10.1103/PhysRevLett.48.121}
}

@article{PhysRevLett.78.3047,
  title = {Preliminary Results of a Determination of the Newtonian Constant of Gravitation: A Test of the Kuroda Hypothesis},
  author = {Bagley, Charles H. and Luther, Gabriel G.},
  journal = {Phys. Rev. Lett.},
  volume = {78},
  issue = {16},
  pages = {3047--3050},
  numpages = {0},
  year = {1997},
  month = {Apr},
  publisher = {American Physical Society},
  doi = {10.1103/PhysRevLett.78.3047}
}

@article{PhysRevD.71.127505,
  title = {Correction of source mass effects in the HUST-99 measurement of $G$},
  author = {Hu, Zhong-Kun and Guo, Jun-Qi and Luo, Jun},
  journal = {Phys. Rev. D},
  volume = {71},
  issue = {12},
  pages = {127505},
  numpages = {3},
  year = {2005},
  month = {Jun},
  publisher = {American Physical Society},
  doi = {10.1103/PhysRevD.71.127505}
}

@article{PhysRevLett.85.2869,
  title = {Measurement of Newton's Constant Using a Torsion Balance with Angular Acceleration Feedback},
  author = {Gundlach, Jens H. and Merkowitz, Stephen M.},
  journal = {Phys. Rev. Lett.},
  volume = {85},
  issue = {14},
  pages = {2869--2872},
  numpages = {0},
  year = {2000},
  month = {Oct},
  publisher = {American Physical Society},
  doi = {10.1103/PhysRevLett.85.2869}
}

@article{PhysRevLett.87.111101,
  title = {A New Determination of $\mathit{G}$ Using Two Methods},
  author = {Quinn, T. J. and Speake, C. C. and Richman, S. J. and Davis, R. S. and Picard, A.},
  journal = {Phys. Rev. Lett.},
  volume = {87},
  issue = {11},
  pages = {111101},
  numpages = {4},
  year = {2001},
  month = {Aug},
  publisher = {American Physical Society},
  doi = {10.1103/PhysRevLett.87.111101}
}

@article{PhysRevLett.91.201101,
  title = {New Measurements of $G$ Using the Measurement Standards Laboratory Torsion Balance},
  author = {Armstrong, T. R. and Fitzgerald, M. P.},
  journal = {Phys. Rev. Lett.},
  volume = {91},
  issue = {20},
  pages = {201101},
  numpages = {4},
  year = {2003},
  month = {Nov},
  publisher = {American Physical Society},
  doi = {10.1103/PhysRevLett.91.201101}
}

@article{PhysRevLett.105.110801,
  title = {Simple Pendulum Determination of the Gravitational Constant},
  author = {Parks, Harold V. and Faller, James E.},
  journal = {Phys. Rev. Lett.},
  volume = {105},
  issue = {11},
  pages = {110801},
  numpages = {4},
  year = {2010},
  month = {Sep},
  publisher = {American Physical Society},
  doi = {10.1103/PhysRevLett.105.110801}
}

@article{PhysRevD.74.082001,
  title = {Measurement of Newton's gravitational constant},
  author = {Schlamminger, St. and Holzschuh, E. and K\"undig, W. and Nolting, F. and Pixley, R. E. and Schurr, J. and Straumann, U.},
  journal = {Phys. Rev. D},
  volume = {74},
  issue = {8},
  pages = {082001},
  numpages = {25},
  year = {2006},
  month = {Oct},
  publisher = {American Physical Society},
  doi = {10.1103/PhysRevD.74.082001}
}

@article{PhysRevLett.111.101102,
  title = {Improved Determination of $G$ Using Two Methods},
  author = {Quinn, Terry and Parks, Harold and Speake, Clive and Davis, Richard},
  journal = {Phys. Rev. Lett.},
  volume = {111},
  issue = {10},
  pages = {101102},
  numpages = {5},
  year = {2013},
  month = {Sep},
  publisher = {American Physical Society},
  doi = {10.1103/PhysRevLett.111.101102}
}

@article{PhysRevLett.102.240801,
  title = {Determination of the Newtonian Gravitational Constant $G$ with Time-of-Swing Method},
  author = {Luo, Jun and Liu, Qi and Tu, Liang-Cheng and Shao, Cheng-Gang and Liu, Lin-Xia and Yang, Shan-Qing and Li, Qing and Zhang, Ya-Ting},
  journal = {Phys. Rev. Lett.},
  volume = {102},
  issue = {24},
  pages = {240801},
  numpages = {4},
  year = {2009},
  month = {Jun},
  publisher = {American Physical Society},
  doi = {10.1103/PhysRevLett.102.240801}
}

@article{PhysRevD.59.042001,
  title = {Determination of the Newtonian gravitational constant \textit{G}   with a nonlinear fitting method},
  author = {Luo, Jun and Hu, Zhong-Kun and Fu, Xiang-Hui and Fan, Shu-Hua and Tang, Meng-Xi},
  journal = {Phys. Rev. D},
  volume = {59},
  issue = {4},
  pages = {042001},
  numpages = {6},
  year = {1998},
  month = {Dec},
  publisher = {American Physical Society},
  doi = {10.1103/PhysRevD.59.042001}
}

@article{TR96,
year={1996},
issn={0543-1972},
journal={Measurement Techniques},
volume={39},
number={10},
doi={10.1007/BF02377461},
title={Measurement of the gravitational constant with a torsion balance},
publisher={Kluwer Academic Publishers-Plenum Publishers},
author={Karagioz, O.V. and Izmailov, V.P.},
pages={979-987},
language={English}
}

@phdthesis{UWup,
 author = {U. Kleinevo{\ss}},
 title = {Bestimmung der Newtonschen Gravitationskonstanten G},
 school = {University of Wuppertal, Wuppertal, Germany},
 year = 2002
}

@article{UCI,
 author = {R. Newman and others},
 journal = {Phil, Trans. R. Soc. A},
 volume = 372,
 pages = 20140025,
 year = 2014
}
